%--------- Websites ----------
@mastersthesis{Report1,
	author	= "Bernardo Sousa Machado Henriques",
	title 	= "Estimation and Control of a Quadrotor Attitude",
	school	= "Universidade Tecnica de Lisboa",
	year 	= "2011"
}

@mastersthesis{Report2,
	author	= "C BALAS",
	title 	= "MODELLING AND LINEAR CONTROL OF A QUADROTOR",
	school	= "CRANFIELD UNIVERSITY ",
	year 	= "2006-2007"
}

@misc{RPMEq,
    title     = "VFDs How Do I Calculate RPM For Three Phase Induction Motors?",
    howpublished = {\url{http://www.precision-elec.com/faq-vfd-how-do-i-calculate-rpm-for-three-phase-induction-motors/}},
    
}

@misc{ForcesFig,
    title     = "Tradeoffs for locomotion in air and water",
    howpublished = {\url{https://en.wikipedia.org/wiki/Tradeoffs_for_locomotion_in_air_and_water/}},
    
}

@misc{RPYFig,
    title     = "Toward Obstacle Avoidance on Quadrotors",
    howpublished = {\url{http://e-collection.library.ethz.ch/eserv/eth:7849/eth-7849-01.pdf}},
    
}

@misc{MotorFig,
    title     = "DC Motor Speed: System Modeling",
    howpublished = {\url{http://ctms.engin.umich.edu/CTMS/index.php?example=MotorSpeed&section=SystemModeling}},
    
}

@misc{AccelCite1,
    title     = "Gyroscopes and Accelerometers on a Chip",
    howpublished = {\url{http://www.geekmomprojects.com/gyroscopes-and-accelerometers-on-a-chip/}},
    
}

@misc{AccelCite2,
    title     = "Using an Accelerometer for Inclination Sensing",
    howpublished = {\url{http://www.analog.com/media/en/technical-documentation/application-notes/AN-1057.pdf}},
    author = "Christopher J. Fisher"
}

@misc{MPU6000,
    title     = "MPU-6000 and MPU-6050 Product Specification Revision 3.4",
    howpublished = {\url{https://www.cdiweb.com/datasheets/invensense/MPU-6050_DataSheet_V3%204.pdf}},
}

@misc{HCDatasheet,
    title     = "Ultrasonic Ranging Module HC - SR04",
    howpublished = {\url{http://www.micropik.com/PDF/HCSR04.pdf}},
}

@misc{motorFigC,
    title     = "Turnigy Multistar 2213-980Kv 14 Pole Multi-Rotor Outrunner V2",
    howpublished = {\url{https://hobbyking.com/en_us/turnigy-multistar-2213-980kv-14-pole-multi-rotor-outrunner-v2.html}},
}

@misc{propFig,
    title     = "Hobbyking Slowfly Propeller 10x4.5 Blue (CW/CCW) (4pcs)",
    howpublished = {\url{https://hobbyking.com/en_us/hobbyking-slowfly-propeller-10x4-5-blue-cw-ccw-4pcs.html}},
}

@misc{ESCFig,
    title     = "TURNIGY Plush 30amp Speed Controller w/BEC",
    howpublished = {\url{https://hobbyking.com/en_us/turnigy-plush-30amp-speed-controller.html}},
}

@misc{APMFig,
    title     = "ArduPilot Mega 2.5+ Flight Controller",
    howpublished = {\url{http://store.scoutuav.com/product/flight-controller/ardupilot-mega-2-5-flight-controller/}},
}

@misc{UltrasonicFig,
    title     = "Easy Ultrasonic 4-pin Sensor Monitoring (HC-SR04)",
    howpublished = {\url{http://www.instructables.com/id/Easy-ultrasonic-4-pin-sensor-monitoring-hc-sr04/}},
}

@misc{batteryFig,
    title     = "TURNIGY NANO TECH 6000MAH 3S 25~50C LIPO PACK",
    howpublished = {\url{http://tekntools.com/?product=turnigy-nano-tech-6000mah-3s-2550c-lipo-pack}},
}
%------- OLD, P4 REFENCES --------


@misc{cloopcontroltheory,
    author    = "Electronics Tutorials",
    title     = "Closed-loop Systems",
    howpublished = {\url{http://www.electronics-tutorials.ws/systems/closed-loop-system.html}},
    note     = {(Accessed 02/04/16)}
}

@misc{controlsystem,
    author    = "Fred Thompson",
    title     = "Control Systems",
    howpublished = {\url{http://www.willamette.edu/~fthompso/MgmtCon/Control_Systems.html}},
    note     = {(Accessed 02/04/16)}
}

@misc{pciman,
    author    = "National Instruments",
    title     = "National Instruments {PCI} manuals",
    howpublished = {\url{http://www.ni.com/pdf/manuals/375204b.pdf}},
    note     = {(Accessed 02/04/16)}
}

@misc{irfz44e_ref,
    author    = "International Rectifier",
    title     = "{IRFZ44E HEXFET®} {P}ower {MOSFET}",
    howpublished = {\url{http://www.irf.com/product-info/datasheets/data/irfz44e.pdf}},
    note     = {(Accessed 24/04/16)}
}

@misc{irf9530n_ref,
    author    = "International Rectifier",
    title     = "{IRF9530N HEXFET®} {P}ower {MOSFET}",
    howpublished = {\url{http://www.irf.com/product-info/datasheets/data/irf9530n.pdf}},
    note     = {(Accessed 24/04/16)}
}

@misc{bc547b_ref,
    author    = "Fairchild Semiconductor",
    title     = "{BC546} / {BC547} / {BC548} / {BC549} / {BC550} {NPN} Epitaxial Silicon Transistor",
    howpublished = {\url{https://www.fairchildsemi.com/datasheets/BC/BC547.pdf}},
    note     = {(Accessed 24/04/16)}
}

@misc{newmotor,
    author    = "Micromotors",
    title     = "{E192} {DC}-motor with planetary gearbox",
    howpublished = {\url{http://www.micromotors.eu/E192.pdf}},
    note     = {(Accessed 15/05/16)}
}

@misc{fric,
    author    = "Ivan Virgala",
    title     = "Friction Effect Analysis of a {DC} Motor",
    howpublished = {\url{http://pubs.sciepub.com/ajme/1/1/1/}},
    note     = {(Accessed 15/05/16)}
}

@misc{leadlag1,
    title     = "Compensation in Control System | Lag lead Compensation",
    howpublished = {\url{http://www.electrical4u.com/compensation-in-control-system-lag-lead-compensation/}},
    note     = {(Accessed 15/05/16)}
}

@misc{leadlag2,
	author = "T. Aaron Gulliver",
    title     = "Compensation Techniques",
    howpublished = {\url{http://www.ece.uvic.ca/~agullive/trans/D_p1-20.pdf}},
    note     = {(Accessed 15/05/16)}
}

@misc{saber,
    title     = "Sabertooth 2x5",
    howpublished = {\url{https://www.dimensionengineering.com/datasheets/Sabertooth2x5.pdf}},
    note     = {(Accessed 18/05/16)}
}

%--------- Figures ----------
@misc{dcmodelfig,
    author    = "University of Michigan",
    title     = "DC {M}otor {S}peed: System {M}odeling",
    howpublished = {\url{http://ctms.engin.umich.edu/CTMS/Content/MotorSpeed/System/Modeling/figures/motor.png}},
    note     = {(Accessed 02/03/16)}
}

@misc{pci,
    author    = "National Instruments",
    title     = "PCI-6229 {NI} board",
    howpublished = {\url{http://sine.ni.com/nips/cds/view/p/lang/da/nid/14136}},
    note     = {Accessed 02/04/16}
}

@misc{pin,
    author    = "National Instruments",
    title     = "{CB}-68{LP} {NI} pinout board",
    howpublished = {\url{http://digital.ni.com/public.nsf/websearch/5F6E0E5867D78C7D86256C4B007DB758/$FILE/CB-68LP.gif}},
    note     = {(Accessed 02/04/16)}
}

@misc{closedloopsystem,
    author    = "",
    title     = "Block diagram of a negative feedback control system",
    howpublished = {\url{https://upload.wikimedia.org/wikipedia/commons/thumb/2/24/Feedback_loop_with_descriptions.svg/500px-Feedback_loop_with_descriptions.svg.png}},
    note     = {(Accessed 02/04/16)}
}

@misc{hbridge_basics,
    author    = "Modular Circuits",
    title     = "H-Bridges – The Basics",
    howpublished = {\url{http://modularcircuits.com/blog/wp-content/uploads/2011/10/image7.png}},
    note     = {(Accessed 02/04/16)}
}

@misc{hbridge_flow_ref,
    author    = "Lon Glazner",
    title     = "H BRIDGE CONTROL OF A MOTOR – LOW SIDE SWITCH",
    howpublished = {\url{http://blog.solutions-cubed.com/wp-content/uploads/2012/06/h-bridge.png}},
    note     = {(Accessed 02/04/16)}
}
%--------- Books ------------
@book{controlbook,
    author    = {Gene F. Franklin{,} J. David Powell{,} Abbas Emami-Naeini},
    title     = {Feedback Control of Dynamic Systems},
    publisher = {Pearson Education},
    edition   = {7th},
    year      = {2015},
    note      = {p.72-75},
}

@book{pid,
    author    = {Gene F. Franklin{,} J. David Powell{,} Abbas Emami-Naeini},
    title     = {Feedback Control of Dynamic Systems},
    publisher = {Pearson Education},
    edition   = {7th},
    year      = {2015},
    note      = {p.216-226},
}

@book{ctb145,
    author    = {Gene F. Franklin{,} J. David Powell{,} Abbas Emami-Naeini},
    title     = {Feedback Control of Dynamic Systems},
    publisher = {Pearson Education},
    edition   = {7th},
    year      = {2015},
    note      = {p.145},
}

@book{engphysics,
    author    = {Raymond A. Serway{,} John W. Jewett},
    title     = {Physics for Scientist and Engineers with Modern Physics},
    publisher = {Pearson Education},
    edition   = {9th},
    year      = {2014},
    note      = {p.302-303},
}

